@misc{KIBilderkennung-Herausforderungen,
author = {Vanessa Arnold},
  title = {KI in der Bilderkennung: Vorteile, Anwendungen und Herausforderungen},
  url = "https://neuroflash.com/de/blog/ki-in-der-bilderkennung-vorteile-anwendungen-und-herausforderungen/",
month = {11},
year = {2023},
  note = "[Online; accessed 2025-01-21]"
}

@misc{KI-LLM-Herausforderungen,
author = {Stephan Röser},
  title = {Large Language Models (LLMs): Einsatzmöglichkeiten und Herausforderungen in der Praxis},
  url = "https://www.alfaitoutsourcing.de/large-language-models-llms-einsatzmoeglichkeiten-und-herausforderungen-in-der-praxis/",
month = {9},
year = {2024},
  note = "[Online; accessed 2025-01-21]"
}

@misc{KI-Datenschutz-Warter,
author = {Univ.-Ass. Mag. Dr. Johannes Warter},
  title = {Untitled},
  url = "https://sbg.arbeiterkammer.at/service/veranstaltungen/KI_Datenschutz_Warter.pdf",
month = {6},
year = {2024},
  note = "[Online; accessed 2025-01-27]"
}

@misc{KI-Datenschutz-am-Arbeitsplatz,
author = {Nikki Commandeur},
  title = {KI \& Datenschutz am Arbeitsplatz - TimeChimp},
  url = "https://www.timechimp.com/de/blog/ki-und-datenschutz-am-arbeitsplatz",
month = {},
year = {},
  note = "[Online; accessed 2025-01-27]"
}

@misc{KI-Anwendungen-Bsp,
author = {Stefan Seewald},
  title = {Künstliche Intelligenz aus Sicht der Wirtschaftsexperten - WELT},
  url = "https://www.welt.de/wirtschaft/deutscher-ki-preis/article253930938/Kuenstliche-Intelligenz-aus-Sicht-der-Wirtschaftsexperten.html?utm_source=chatgpt.com",
month = {10},
year = {2024},
  note = "[Online; accessed 2025-01-27]"
}

@misc{KI-Anwendungen-Bsp-2,
author = {},
  title = {Erfolgreiche Beispiele für den Einsatz Künstlicher Intelligenz (KI) in Unternehmen - KI im Büro: Wenn Algorithmen Kaffee kochen und Ideen brauen - Revolution durch KI: Wie smarte Technologien Ihr Unternehmen auf das nächste Level heben - HECKER CONSULTING},
  url = "https://www.hco.de/blog/erfolgreiche-beispiele-fur-den-einsatz-kunstlicher-intelligenz-ki-in-unternehmen?utm_source=chatgpt.com",
month = {},
year = {},
  note = "[Online; accessed 2025-01-27]"
}


@misc{KI-Anwendungen-Bsp-3,
author = {Jim Holdsworth},
  title = {Beispiele, Anwendungen und Anwendungsfälle für künstliche Intelligenz | IBM},
  url = "https://www.ibm.com/de-de/think/topics/artificial-intelligence-business-use-cases?utm_source=chatgpt.com",
month = {},
year = {},
  note = "[Online; accessed 2025-01-27]"
}